@article {5,
    AUTHOR = {D'Souza, Cyril},
     TITLE = {Compactification of generalised {J}acobians},
   JOURNAL = {Proc. Indian Acad. Sci. Sect. A Math. Sci.},
  FJOURNAL = {Indian Academy of Sciences. Proceedings. Section A.
              Mathematical Sciences},
    VOLUME = {88},
      YEAR = {1979},
    NUMBER = {5},
     PAGES = {419--457},
      ISSN = {0253-4142},
   MRCLASS = {14C05 (14K30)},
  MRNUMBER = {569548},
MRREVIEWER = {T. Oda},
}
@article {1,
    AUTHOR = {Artin, M.},
     TITLE = {On {A}zumaya algebras and finite dimensional representations
              of rings},
   JOURNAL = {J. Algebra},
  FJOURNAL = {Journal of Algebra},
    VOLUME = {11},
      YEAR = {1969},
     PAGES = {532--563},
      ISSN = {0021-8693},
   MRCLASS = {16.49},
  MRNUMBER = {242890},
MRREVIEWER = {H. Tominaga},
       DOI = {10.1016/0021-8693(69)90091-X},
       URL = {https://doi-org.bucm.idm.oclc.org/10.1016/0021-8693(69)90091-X},
}
@book{2,
  title={Lectures on Deformations of Singularities},
  author={Artin, M. and Seshadri, C.S. and Tannenbaum, A.},
  lccn={79901229},
  series={Lectures on Mathematics and Physics},
  url={https://books.google.es/books?id=glUgAQAAIAAJ},
  year={1976},
  publisher={Tata Institute of Fundamental Research}
}
@article {3,
    AUTHOR = {Atiyah, M. F.},
     TITLE = {Vector bundles over an elliptic curve},
   JOURNAL = {Proc. London Math. Soc. (3)},
  FJOURNAL = {Proceedings of the London Mathematical Society. Third Series},
    VOLUME = {7},
      YEAR = {1957},
     PAGES = {414--452},
      ISSN = {0024-6115},
   MRCLASS = {14.55 (14.20)},
  MRNUMBER = {131423},
MRREVIEWER = {F. Hirzebruch},
       DOI = {10.1112/plms/s3-7.1.414},
       URL = {https://doi-org.bucm.idm.oclc.org/10.1112/plms/s3-7.1.414},
}
@article {4,
    AUTHOR = {Desale, U. V. and Ramanan, S.},
     TITLE = {Classification of vector bundles of rank {$2$} on
              hyperelliptic curves},
   JOURNAL = {Invent. Math.},
  FJOURNAL = {Inventiones Mathematicae},
    VOLUME = {38},
      YEAR = {1976/77},
    NUMBER = {2},
     PAGES = {161--185},
      ISSN = {0020-9910},
   MRCLASS = {14F05 (14D20)},
  MRNUMBER = {429897},
MRREVIEWER = {P. E. Newstead},
       DOI = {10.1007/BF01408570},
       URL = {https://doi-org.bucm.idm.oclc.org/10.1007/BF01408570},
}
@incollection {6,
    AUTHOR = {Grothendieck, Alexander},
     TITLE = {Technique de descente et th\'{e}or\`emes d'existence en g\'{e}om\'{e}trie
              alg\'{e}brique. {I}. {G}\'{e}n\'{e}ralit\'{e}s. {D}escente par morphismes
              fid\`element plats},
 BOOKTITLE = {S\'{e}minaire {B}ourbaki, {V}ol. 5},
     PAGES = {Exp. No. 190, 299--327},
 PUBLISHER = {Soc. Math. France, Paris},
      YEAR = {1995},
   MRCLASS = {14A15},
  MRNUMBER = {1603475},
}
@incollection {7,
    AUTHOR = {Grothendieck, Alexander},
     TITLE = {Technique de descente et th\'{e}or\`emes d'existence en g\'{e}om\'{e}trie
              alg\'{e}brique. {IV}. Les sch\'emas de Hilbert},
 BOOKTITLE = {S\'{e}minaire {B}ourbaki, {V}ol. 5},
     PAGES = {Exp. No. 221},
 PUBLISHER = {Soc. Math. France, Paris},
      YEAR = {1995},
   MRCLASS = {14A15},
  MRNUMBER = {1603475},
}
@article{8,
  title={Rev{\^e}tement {\'e}tales et groupe fondamental (SGA1)},
  author={Grothendieck, Alexandre},
  journal={Lecture Note in Math.},
  volume={224},
  year={1971},
  publisher={Springer}
}
@book {9,
    AUTHOR = {Grothendieck, Alexander},
     TITLE = {Cohomologie locale des faisceaux coh\'{e}rents et th\'{e}or\`emes de
              {L}efschetz locaux et globaux {$(SGA$} {$2)$}},
      NOTE = {Augment\'{e} d'un expos\'{e} par Mich\`ele Raynaud,
              S\'{e}minaire de G\'{e}om\'{e}trie Alg\'{e}brique du Bois-Marie, 1962,
              Advanced Studies in Pure Mathematics, Vol. 2},
 PUBLISHER = {North-Holland Publishing Co., Amsterdam; Masson \& Cie,
              \'{E}diteur, Paris},
      YEAR = {1968},
     PAGES = {vii+287},
   MRCLASS = {14B15 (14C20 14F20)},
  MRNUMBER = {0476737},
}
@article {10,
    AUTHOR = {Haboush, W. J.},
     TITLE = {Reductive groups are geometrically reductive},
   JOURNAL = {Ann. of Math. (2)},
  FJOURNAL = {Annals of Mathematics. Second Series},
    VOLUME = {102},
      YEAR = {1975},
    NUMBER = {1},
     PAGES = {67--83},
      ISSN = {0003-486X},
   MRCLASS = {14L15 (14D20 15A72 20G05 20G15)},
  MRNUMBER = {382294},
MRREVIEWER = {Vladimir L. Popov},
       DOI = {10.2307/1970974},
       URL = {https://doi-org.bucm.idm.oclc.org/10.2307/1970974},
}
@book {11,
    AUTHOR = {Hartshorne, Robin},
     TITLE = {Algebraic geometry},
      NOTE = {Graduate Texts in Mathematics, No. 52},
 PUBLISHER = {Springer-Verlag, New York-Heidelberg},
      YEAR = {1977},
     PAGES = {xvi+496},
      ISBN = {0-387-90244-9},
   MRCLASS = {14-01},
  MRNUMBER = {0463157},
MRREVIEWER = {Robert Speiser},
}
@book {12,
    AUTHOR = {Lang, Serge},
     TITLE = {Algebra},
    SERIES = {Graduate Texts in Mathematics},
    VOLUME = {211},
   EDITION = {third},
 PUBLISHER = {Springer-Verlag, New York},
      YEAR = {2002},
     PAGES = {xvi+914},
      ISBN = {0-387-95385-X},
   MRCLASS = {00A05 (15-02)},
  MRNUMBER = {1878556},
       DOI = {10.1007/978-1-4613-0041-0},
       URL = {https://doi-org.bucm.idm.oclc.org/10.1007/978-1-4613-0041-0},
}
@article {13,
    AUTHOR = {Langton, Stacy G.},
     TITLE = {Valuative criteria for families of vector bundles on algebraic
              varieties},
   JOURNAL = {Ann. of Math. (2)},
  FJOURNAL = {Annals of Mathematics. Second Series},
    VOLUME = {101},
      YEAR = {1975},
     PAGES = {88--110},
      ISSN = {0003-486X},
   MRCLASS = {14F05 (14D20)},
  MRNUMBER = {364255},
MRREVIEWER = {P. E. Newstead},
       DOI = {10.2307/1970987},
       URL = {https://doi-org.bucm.idm.oclc.org/10.2307/1970987},
}
@incollection {14,
    AUTHOR = {Luna, Domingo},
     TITLE = {Slices \'{e}tales},
 BOOKTITLE = {Sur les groupes alg\'{e}briques},
     PAGES = {81--105. Bull. Soc. Math. France, Paris, M\'{e}moire 33},
      YEAR = {1973},
   MRCLASS = {14M15 (15A72 20G15 20G99)},
  MRNUMBER = {0342523},
MRREVIEWER = {V. L. Popov},
       DOI = {10.24033/msmf.110},
       URL = {https://doi-org.bucm.idm.oclc.org/10.24033/msmf.110},
}
@article {15,
    AUTHOR = {Mehta, V. B. and Seshadri, C. S.},
     TITLE = {Moduli of vector bundles on curves with parabolic structures},
   JOURNAL = {Math. Ann.},
  FJOURNAL = {Mathematische Annalen},
    VOLUME = {248},
      YEAR = {1980},
    NUMBER = {3},
     PAGES = {205--239},
      ISSN = {0025-5831},
   MRCLASS = {14F05 (14D20)},
  MRNUMBER = {575939},
MRREVIEWER = {Klaus Hulek},
       DOI = {10.1007/BF01420526},
       URL = {https://doi-org.bucm.idm.oclc.org/10.1007/BF01420526},
}
@article {17,
    AUTHOR = {Mumford, D. and Newstead, P.},
     TITLE = {Periods of a moduli space of bundles on curves},
   JOURNAL = {Amer. J. Math.},
  FJOURNAL = {American Journal of Mathematics},
    VOLUME = {90},
      YEAR = {1968},
     PAGES = {1200--1208},
      ISSN = {0002-9327},
   MRCLASS = {14.20},
  MRNUMBER = {234958},
MRREVIEWER = {A. H. Wallace},
       DOI = {10.2307/2373296},
       URL = {https://doi-org.bucm.idm.oclc.org/10.2307/2373296},
}
@book {16,
    AUTHOR = {Mumford, D. and Fogarty, J. and Kirwan, F.},
     TITLE = {Geometric invariant theory},
    SERIES = {Ergebnisse der Mathematik und ihrer Grenzgebiete (2) [Results
              in Mathematics and Related Areas (2)]},
    VOLUME = {34},
   EDITION = {Third},
 PUBLISHER = {Springer-Verlag, Berlin},
      YEAR = {1994},
     PAGES = {xiv+292},
      ISBN = {3-540-56963-4},
   MRCLASS = {14D25 (58E05 58F05)},
  MRNUMBER = {1304906},
MRREVIEWER = {Yi Hu},
       DOI = {10.1007/978-3-642-57916-5},
       URL = {https://doi-org.bucm.idm.oclc.org/10.1007/978-3-642-57916-5},
}
@inproceedings {18,
    AUTHOR = {Mumford, David and Suominen, Kalevi},
     TITLE = {Introduction to the theory of moduli},
 BOOKTITLE = {Algebraic geometry, {O}slo 1970 ({P}roc. {F}ifth {N}ordic
              {S}ummer-{S}chool in {M}ath.)},
     PAGES = {171--222},
      YEAR = {1972},
   MRCLASS = {14D20},
  MRNUMBER = {0437531},
MRREVIEWER = {H. Popp},
}
@incollection {19,
    AUTHOR = {Narasimhan, M. S. and Ramanan, S.},
     TITLE = {Vector bundles on curves},
 BOOKTITLE = {Algebraic {G}eometry ({I}nternat. {C}olloq., {T}ata {I}nst.
              {F}und. {R}es., {B}ombay, 1968)},
     PAGES = {335--346},
 PUBLISHER = {Oxford Univ. Press, London},
      YEAR = {1969},
   MRCLASS = {14.55},
  MRNUMBER = {0266931},
MRREVIEWER = {T. tom Dieck},
}
@article {22,
    AUTHOR = {Narasimhan, M. S. and Seshadri, C. S.},
     TITLE = {Holomorphic vector bundles on a compact {R}iemann surface},
   JOURNAL = {Math. Ann.},
  FJOURNAL = {Mathematische Annalen},
    VOLUME = {155},
      YEAR = {1964},
     PAGES = {69--80},
      ISSN = {0025-5831},
   MRCLASS = {14.55 (32.50)},
  MRNUMBER = {166799},
MRREVIEWER = {H. R\"{o}hrl},
       DOI = {10.1007/BF01350891},
       URL = {https://doi-org.bucm.idm.oclc.org/10.1007/BF01350891},
}
@article {23,
    AUTHOR = {Narasimhan, M. S. and Seshadri, C. S.},
     TITLE = {Stable and unitary vector bundles on a compact {R}iemann
              surface},
   JOURNAL = {Ann. of Math. (2)},
  FJOURNAL = {Annals of Mathematics. Second Series},
    VOLUME = {82},
      YEAR = {1965},
     PAGES = {540--567},
      ISSN = {0003-486X},
   MRCLASS = {14.10},
  MRNUMBER = {184252},
MRREVIEWER = {M. F. Atiyah},
       DOI = {10.2307/1970710},
       URL = {https://doi-org.bucm.idm.oclc.org/10.2307/1970710},
}
@article {20,
    AUTHOR = {Narasimhan, M. S. and Ramanan, S.},
     TITLE = {Moduli of vector bundles on a compact {R}iemann surface},
   JOURNAL = {Ann. of Math. (2)},
  FJOURNAL = {Annals of Mathematics. Second Series},
    VOLUME = {89},
      YEAR = {1969},
     PAGES = {14--51},
      ISSN = {0003-486X},
   MRCLASS = {57.30},
  MRNUMBER = {242185},
MRREVIEWER = {T. tom Dieck},
       DOI = {10.2307/1970807},
       URL = {https://doi-org.bucm.idm.oclc.org/10.2307/1970807},
}
@article {21,
    AUTHOR = {Narasimhan, M. S. and Ramanan, S.},
     TITLE = {Deformations of the moduli space of vector bundles over an
              algebraic curve},
   JOURNAL = {Ann. of Math. (2)},
  FJOURNAL = {Annals of Mathematics. Second Series},
    VOLUME = {101},
      YEAR = {1975},
     PAGES = {391--417},
      ISSN = {0003-486X},
   MRCLASS = {14D20 (14F05)},
  MRNUMBER = {384797},
MRREVIEWER = {Henry C. Pinkham},
       DOI = {10.2307/1970933},
       URL = {https://doi-org.bucm.idm.oclc.org/10.2307/1970933},
}
@article {24,
    AUTHOR = {Newstead, P. E.},
     TITLE = {Topological properties of some spaces of stable bundles},
   JOURNAL = {Topology},
  FJOURNAL = {Topology. An International Journal of Mathematics},
    VOLUME = {6},
      YEAR = {1967},
     PAGES = {241--262},
      ISSN = {0040-9383},
   MRCLASS = {32.40},
  MRNUMBER = {232015},
MRREVIEWER = {W. Barth},
       DOI = {10.1016/0040-9383(67)90037-7},
       URL = {https://doi-org.bucm.idm.oclc.org/10.1016/0040-9383(67)90037-7},
}
@article {25,
    AUTHOR = {Newstead, P. E.},
     TITLE = {Stable bundles of rank {$2$} and odd degree over a curve of
              genus {$2$}},
   JOURNAL = {Topology},
  FJOURNAL = {Topology. An International Journal of Mathematics},
    VOLUME = {7},
      YEAR = {1968},
     PAGES = {205--215},
      ISSN = {0040-9383},
   MRCLASS = {14.20},
  MRNUMBER = {237500},
MRREVIEWER = {D. B. Scott},
       DOI = {10.1016/0040-9383(68)90001-3},
       URL = {https://doi-org.bucm.idm.oclc.org/10.1016/0040-9383(68)90001-3},
}
@article {26,
    AUTHOR = {Newstead, P. E.},
     TITLE = {Characteristic classes of stable bundles of rank {$2$} over an
              algebraic curve},
   JOURNAL = {Trans. Amer. Math. Soc.},
  FJOURNAL = {Transactions of the American Mathematical Society},
    VOLUME = {169},
      YEAR = {1972},
     PAGES = {337--345},
      ISSN = {0002-9947},
   MRCLASS = {14D20 (14F05)},
  MRNUMBER = {316452},
MRREVIEWER = {William F. Hammond},
       DOI = {10.2307/1996247},
       URL = {https://doi-org.bucm.idm.oclc.org/10.2307/1996247},
}
@article {27,
    AUTHOR = {Newstead, P. E.},
     TITLE = {Rationality of moduli spaces of stable bundles},
   JOURNAL = {Math. Ann.},
  FJOURNAL = {Mathematische Annalen},
    VOLUME = {215},
      YEAR = {1975},
     PAGES = {251--268},
      ISSN = {0025-5831},
   MRCLASS = {14F05 (14D20 32L05)},
  MRNUMBER = {419447},
MRREVIEWER = {F. Gherardelli},
       DOI = {10.1007/BF01343893},
       URL = {https://doi-org.bucm.idm.oclc.org/10.1007/BF01343893},
}
@book {29,
    AUTHOR = {Newstead, P. E.},
     TITLE = {Introduction to moduli problems and orbit spaces},
    SERIES = {Tata Institute of Fundamental Research Lectures on Mathematics
              and Physics},
    VOLUME = {51},
 PUBLISHER = {Tata Institute of Fundamental Research, Bombay; by the Narosa
              Publishing House, New Delhi},
      YEAR = {1978},
     PAGES = {vi+183},
      ISBN = {0-387-08851-2},
   MRCLASS = {14-02 (14D20)},
  MRNUMBER = {546290},
MRREVIEWER = {G. Horrocks},
}
@article {28,
    AUTHOR = {Newstead, P. E.},
     TITLE = {Correction to: ``{R}ationality of moduli spaces of stable
              bundles'' [{M}ath. {A}nn. {\bf 215} (1975), 251--268; {MR}
              {\bf 54} \#7468]},
   JOURNAL = {Math. Ann.},
  FJOURNAL = {Mathematische Annalen},
    VOLUME = {249},
      YEAR = {1980},
    NUMBER = {3},
     PAGES = {281--282},
      ISSN = {0025-5831},
   MRCLASS = {14F05 (14D20 32L05)},
  MRNUMBER = {579107},
MRREVIEWER = {F. Gherardelli},
       DOI = {10.1007/BF01363901},
       URL = {https://doi-org.bucm.idm.oclc.org/10.1007/BF01363901},
}
@article {30,
    AUTHOR = {Oda, Tadao and Seshadri, C. S.},
     TITLE = {Compactifications of the generalized {J}acobian variety},
   JOURNAL = {Trans. Amer. Math. Soc.},
  FJOURNAL = {Transactions of the American Mathematical Society},
    VOLUME = {253},
      YEAR = {1979},
     PAGES = {1--90},
      ISSN = {0002-9947},
   MRCLASS = {14K30 (14D25)},
  MRNUMBER = {536936},
MRREVIEWER = {O. V. Shvartsman},
       DOI = {10.2307/1998186},
       URL = {https://doi-org.bucm.idm.oclc.org/10.2307/1998186},
}
@article {31,
    AUTHOR = {Ramanan, S.},
     TITLE = {The moduli spaces of vector bundles over an algebraic curve},
   JOURNAL = {Math. Ann.},
  FJOURNAL = {Mathematische Annalen},
    VOLUME = {200},
      YEAR = {1973},
     PAGES = {69--84},
      ISSN = {0025-5831},
   MRCLASS = {14D20 (14F05)},
  MRNUMBER = {325615},
MRREVIEWER = {P. E. Newstead},
       DOI = {10.1007/BF01578292},
       URL = {https://doi-org.bucm.idm.oclc.org/10.1007/BF01578292},
}
@article {32,
    AUTHOR = {Ramanathan, A.},
     TITLE = {Stable principal bundles on a compact {R}iemann surface},
   JOURNAL = {Math. Ann.},
  FJOURNAL = {Mathematische Annalen},
    VOLUME = {213},
      YEAR = {1975},
     PAGES = {129--152},
      ISSN = {0025-5831},
   MRCLASS = {32L05 (14F05)},
  MRNUMBER = {369747},
MRREVIEWER = {P. E. Newstead},
       DOI = {10.1007/BF01343949},
       URL = {https://doi-org.bucm.idm.oclc.org/10.1007/BF01343949},
}
@article {34,
    AUTHOR = {Seshadri, C. S.},
     TITLE = {Space of unitary vector bundles on a compact {R}iemann
              surface},
   JOURNAL = {Ann. of Math. (2)},
  FJOURNAL = {Annals of Mathematics. Second Series},
    VOLUME = {85},
      YEAR = {1967},
     PAGES = {303--336},
      ISSN = {0003-486X},
   MRCLASS = {57.30 (30.00)},
  MRNUMBER = {233371},
MRREVIEWER = {T. tom Dieck},
       DOI = {10.2307/1970444},
       URL = {https://doi-org.bucm.idm.oclc.org/10.2307/1970444},
}
@incollection {35,
    AUTHOR = {Seshadri, C. S.},
     TITLE = {Mumford's conjecture for {${\rm GL}(2)$} and applications},
 BOOKTITLE = {Algebraic {G}eometry ({I}nternat. {C}olloq., {T}ata {I}nst.
              {F}und. {R}es., {B}ombay, 1968)},
     PAGES = {347--371},
 PUBLISHER = {Oxford Univ. Press, London},
      YEAR = {1969},
   MRCLASS = {14.50 (12.00)},
  MRNUMBER = {0262248},
MRREVIEWER = {T. tom Dieck},
}
@incollection {36,
    AUTHOR = {Seshadri, C. S.},
     TITLE = {Moduli of {$\pi $}-vector bundles over an algebraic curve},
 BOOKTITLE = {Questions on {A}lgebraic {V}arieties ({C}.{I}.{M}.{E}., {III}
              {C}iclo, {V}arenna, 1969) },
     PAGES = {139--260},
 PUBLISHER = {Edizioni Cremonese, Rome},
      YEAR = {1970},
   MRCLASS = {14.20},
  MRNUMBER = {0280496},
MRREVIEWER = {M. F. Atiyah},
}
@article {37,
    AUTHOR = {Seshadri, C. S.},
     TITLE = {Quotient spaces modulo reductive algebraic groups},
   JOURNAL = {Ann. of Math. (2)},
  FJOURNAL = {Annals of Mathematics. Second Series},
    VOLUME = {95},
      YEAR = {1972},
     PAGES = {511--556; errata, ibid. (2) 96 (1972), 599},
      ISSN = {0003-486X},
   MRCLASS = {14F05 (14C99 14D20)},
  MRNUMBER = {309940},
MRREVIEWER = {S. L. Kleiman},
       DOI = {10.2307/1970870},
       URL = {https://doi-org.bucm.idm.oclc.org/10.2307/1970870},
}
@inproceedings {38,
    AUTHOR = {Seshadri, C. S.},
     TITLE = {Theory of moduli},
 BOOKTITLE = {Algebraic geometry ({P}roc. {S}ympos. {P}ure {M}ath., {V}ol.
              29, {H}umboldt {S}tate {U}niv., {A}rcata, {C}alif., 1974)},
     PAGES = {263--304},
      YEAR = {1975},
   MRCLASS = {14D20},
  MRNUMBER = {0396565},
MRREVIEWER = {H. Popp},
}
@article {39,
    AUTHOR = {Seshadri, C. S.},
     TITLE = {Moduli of vector bundles on curves with parabolic structures},
   JOURNAL = {Bull. Amer. Math. Soc.},
  FJOURNAL = {Bulletin of the American Mathematical Society},
    VOLUME = {83},
      YEAR = {1977},
    NUMBER = {1},
     PAGES = {124--126},
      ISSN = {0002-9904},
   MRCLASS = {14F05},
  MRNUMBER = {570987},
MRREVIEWER = {P. E. Newstead},
       DOI = {10.1090/S0002-9904-1977-14210-9},
       URL = {https://doi-org.bucm.idm.oclc.org/10.1090/S0002-9904-1977-14210-9},
}
@inproceedings {40,
    AUTHOR = {Seshadri, C. S.},
     TITLE = {Desingularisation of the moduli varieties of vector bundles on
              curves},
 BOOKTITLE = {Proceedings of the {I}nternational {S}ymposium on {A}lgebraic
              {G}eometry ({K}yoto {U}niv., {K}yoto, 1977)},
     PAGES = {155--184},
 PUBLISHER = {Kinokuniya Book Store, Tokyo},
      YEAR = {1978},
   MRCLASS = {14F05 (14D20)},
  MRNUMBER = {578858},
MRREVIEWER = {P. E. Newstead},
}
@book {33,
   AUTHOR = {Samuel, Pierre and Zariski, Oscar},
     TITLE = {Commutative algebra. {V}ols. {I} and {II}},
      NOTE = {Reprint of the 1960 edition,
              Graduate Texts in Mathematics, Vols. 28 and 29},
 PUBLISHER = {Springer-Verlag, New York-Heidelberg},
      YEAR = {1975},
     PAGES = {x+414},
   MRCLASS = {13-02 (12JXX 14-02)},
  MRNUMBER = {0389876},
}
@article{41,
	AUTHOR = {Weil, André},
	TITLE = {G\'en\'eralisation des fonctions abéliennes},
	JOURNAL = {J. Math. Pures et Appl. 17},
	YEAR = {1938},
	PAGES = {47--87},
}
